<record><leader>00000cas a22000007a 4500</leader><controlfield tag="001">12791172</controlfield><controlfield tag="008">851113d19241939pauwr ne      0    0eng d</controlfield><datafield ind1=" " ind2=" " tag="010"><subfield code="a">sn 86083196 </subfield></datafield><datafield ind1=" " ind2=" " tag="040"><subfield code="a">NPH</subfield><subfield code="b">eng</subfield><subfield code="c">NPH</subfield><subfield code="d">OCLCQ</subfield></datafield><datafield ind1=" " ind2=" " tag="042"><subfield code="a">msc</subfield></datafield><datafield ind1="0" ind2=" " tag="130"><subfield code="a">Sunday dispatch (Philadelphia, Pa. : 1924)</subfield></datafield><datafield ind1="1" ind2="0" tag="245"><subfield code="a">Sunday dispatch.</subfield></datafield><datafield ind1=" " ind2=" " tag="260"><subfield code="a">Philadelphia [Pa.] :</subfield><subfield code="b">Philadelphia Dispatch Pub. Co.,</subfield><subfield code="c">-1939.</subfield></datafield><datafield ind1=" " ind2=" " tag="300"><subfield code="a">v. :</subfield><subfield code="b">ill.</subfield></datafield><datafield ind1=" " ind2=" " tag="310"><subfield code="a">Weekly</subfield></datafield><datafield ind1="1" ind2=" " tag="362"><subfield code="a">Began July 27, 1924.</subfield><subfield code="z">Cf. Checklist of Pa. newspapers.</subfield></datafield><datafield ind1="0" ind2=" " tag="362"><subfield code="a">-91st yr., no. 43 (Mar. 5, 1939).</subfield></datafield><datafield ind1=" " ind2=" " tag="500"><subfield code="a">"Pennsylvania's oldest, foremost and most widely circulated political weekly."</subfield></datafield><datafield ind1=" " ind2=" " tag="588"><subfield code="a">Description based on: 80th year, no. 10 (July 10, 1927).</subfield></datafield><datafield ind1=" " ind2=" " tag="752"><subfield code="a">United States</subfield><subfield code="b">Pennsylvania</subfield><subfield code="c">Philadelphia</subfield><subfield code="d">Philadelphia.</subfield></datafield><datafield ind1="0" ind2="0" tag="780"><subfield code="t">Philadelphia dispatch (Philadelphia, Pa. : 1924)</subfield><subfield code="w">(DLC)sn 86083195</subfield><subfield code="w">(OCoLC)12791123</subfield></datafield><datafield ind1="0" ind2="0" tag="785"><subfield code="t">Philadelphia dispatch (Philadelphia, Pa. : 1939)</subfield><subfield code="w">(DLC)sn 86083197</subfield><subfield code="w">(OCoLC)12791202</subfield></datafield><datafield ind1="1" ind2=" " tag="029"><subfield code="a">AU@</subfield><subfield code="b">000023535807</subfield></datafield></record>